@article{chen2015xgboost,
  title={Xgboost: extreme gradient boosting},
  author={Chen, Tianqi and He, Tong and Benesty, Michael and others},
  pages={1--4},
  year={2015},
  url={http://cran.fhcrc.org/web/packages/xgboost/vignettes/xgboost.pdf}
}

@article{friedman2000additive,
  title={Additive logistic regression: a statistical view of boosting (with discussion and a rejoinder by the authors)},
  author={Friedman, Jerome and Hastie, Trevor and Tibshirani, Robert and others},
  journal={The annals of statistics},
  volume={28},
  number={2},
  pages={337--407},
  year={2000},
  publisher={Institute of Mathematical Statistics}
}


@article{clemen1989combining,
  title={Combining forecasts: A review and annotated bibliography},
  author={Clemen, R.},
  journal={International journal of forecasting},
  volume={5},
  number={4},
  pages={559--583},
  year={1989},
  publisher={Elsevier}
}

@article{knote2016deconstructing,
  title={Deconstructing the Sharing Economy: On the relevance for IS research},
  author={Knote, Robin and Blohm, Ivo},
  year={2016}
}

@article{kolb2020core,
  title={Core Concepts, Challenges, and Future Directions in Blockchain: A Centralized Tutorial},
  author={Kolb, John and AbdelBaky, Moustafa and Katz, Randy H and Culler, David E},
  journal={ACM Computing Surveys (CSUR)},
  volume={53},
  number={1},
  pages={1--39},
  year={2020},
  publisher={ACM New York, NY, USA}
}


@book{allis1994searching,
  title={Searching for solutions in games and artificial intelligence},
  author={Allis, Louis Victor and others},
  year={1994},
  publisher={Ponsen \& Looijen}
}

@article{hamari2015sharing,
  title={The sharing economy: Why people participate in collaborative consumption},
  author={Hamari, Juho and Sj{\"o}klint, Mimmi and Ukkonen, Antti},
  journal={Journal of the Association for Information Science and Technology},
  year={2015},
  publisher={Wiley Online Library}
}

@article{gilabert2006intelligent,
  title={Intelligent automation systems for predictive maintenance: A case study},
  author={{Gilabert, E.; Arnaiz, A.}},
  journal={Robotics and Computer-Integrated Manufacturing},
  volume={22},
  number={5},
  pages={543--549},
  year={2006},
  publisher={Elsevier}
}

@article{varaiya2011smart,
  title={Smart operation of smart grid: Risk-limiting dispatch},
  author={{Varaiya, P. et al.}},
  journal={Proceedings of the IEEE},
  volume={99},
  number={1},
  pages={40--57},
  year={2011},
  publisher={IEEE}
}


@inproceedings{gordiievych2015forecasting,
  title={Forecasting of airfare prices using time series},
  author={Gordiievych, Anastasiia and Shubin, Igor},
  booktitle={Information Technologies in Innovation Business Conference (ITIB), 2015},
  pages={68--71},
  year={2015},
  organization={IEEE}
}

@article{sun2006information,
  title={Information theoretic framework of trust modeling and evaluation for ad hoc networks},
  author={{Sun, Y. et al.}},
  journal={IEEE Journal on Selected Areas in Communications},
  volume={24},
  number={2},
  pages={305--317},
  year={2006},
  publisher={IEEE}
}

@book{azoff1994neural,
  title={Neural network time series forecasting of financial markets},
  author={Azoff, E Michael},
  year={1994},
  publisher={John Wiley \& Sons, Inc.}
}
@online{shiny1,
	author =       {RStudio},
	title =        {Welcome to Shiny},
	    date = {2017-01-01},
	url =  {https://shiny.rstudio.com/tutorial/written-tutorial/lesson1/},
	urldate =      {2017-10-20}
}